@article{Chiavegatto_COVID,
  author =       "Alexandre Dias Porto Chiavegatto Filho",
  title =        "{A multipurpose machine learning approach to predict COVID-19 negative prognosis in S\~{a}o Paulo, Brazil}",
  journal =      "Scientific reports",
  volume =       "11",
  number =       "1",
  pages =        "3343",
  year =         "2021",
  DOI =          "https://www.nature.com/articles/s41598-021-82885-y",
  keywords =     "COVID"
}

@online{AUCROCWebSite,
    author    = "Sarang Narkhede",
    title     = "Understanding AUC - ROC Curve",
    url       = "https://towardsdatascience.com/understanding-auc-roc-curve-68b2303cc9c5",
    addendum = "(Publicado: Jun 26, 2018; Accesado: Apr 27, 2024)",
    keywords  = "AUC,ROC"
}