@book{Calderon_Clasificacion_Binaria,
    title = {Clasificaci\'{o}n Binaria},
    author = {Ph. D. Saúl Calderón Ramírez},
    year = {202},
    keywords = {probabilidad,estadistica}
}